
@book{Stephenson1987,
  address = {New York},
  title = {Handbook of the Thermodynamics of Organic Compounds},
  isbn = {978-0-444-01240-1},
  lccn = {QD504 .S735 1987},
  timestamp = {2015-07-27T20:07:16Z},
  publisher = {{Elsevier}},
  author = {Stephenson, Richard Montgomery and Malanowski, Stanis{\l}aw and Ambrose, D.},
  year = {1987},
  keywords = {_tablet_modified,Organic compounds,Tables,Thermodynamics},
  file = {Stephenson-et-al-1987.pdf:/home/bryan/.zotero/zotero/435ms2xg.default/zotero/storage/8E5CU3CF/Stephenson-et-al-1987.pdf:application/pdf},
  groups = {methyl-valerate,methyl-valerate,Methyl Valerate,Vapor Pressure,Vapor Pressure}
}

@article{Kudchadker2001,
  title = {{{Vapor}}-{{Liquid Critical Properties}} of {{Elements}} and {{Compounds}}. 7. {{Oxygen Compounds Other Than Alkanols}} and {{Cycloalkanols}}},
  volume = {46},
  issn = {0021-9568, 1520-5134},
  doi = {10.1021/je0001680},
  language = {en},
  timestamp = {2015-07-27T20:07:21Z},
  number = {3},
  urldate = {2015-07-27},
  journal = {Journal of Chemical \& Engineering Data},
  author = {Kudchadker, Arvind P. and Ambrose, Douglas and Tsonopoulos, Constantine},
  month = may,
  year = {2001},
  keywords = {_tablet_modified},
  pages = {457--479},
  file = {Kudchadker-et-al-2001-46-3-457-479.pdf:/home/bryan/.zotero/zotero/435ms2xg.default/zotero/storage/K7BSU2U6/Kudchadker-et-al-2001-46-3-457-479.pdf:application/pdf}
}

@article{Nikitin2015,
  title = {Vapour\textendash{}liquid Critical Properties of Components of Biodiesel. 1. {{Methyl}} Esters of n-Alkanoic Acids},
  volume = {153},
  issn = {00162361},
  doi = {10.1016/j.fuel.2015.03.060},
  language = {en},
  timestamp = {2015-07-27T20:07:22Z},
  urldate = {2015-07-27},
  journal = {Fuel},
  author = {Nikitin, Eugene D. and Popov, Alexander P.},
  month = aug,
  year = {2015},
  keywords = {_tablet_modified},
  pages = {634--639},
  file = {Nikitin-Popov-2015-153-634-639.pdf:/home/bryan/.zotero/zotero/435ms2xg.default/zotero/storage/KPMK2MNU/Nikitin-Popov-2015-153-634-639.pdf:application/pdf},
  groups = {Methyl Valerate,Vapor Pressure,Vapor Pressure}
}

@article{Dievart2013,
  title = {A Comparative Study of the Chemical Kinetic Characteristics of Small Methyl Esters in Diffusion Flame Extinction},
  volume = {34},
  issn = {15407489},
  doi = {10.1016/j.proci.2012.06.180},
  language = {en},
  timestamp = {2015-07-16T15:09:17Z},
  number = {1},
  journal = {Proceedings of the Combustion Institute},
  author = {Di{\'e}vart, Pascal and Won, Sang Hee and Gong, Jing and Dooley, Stephen and Ju, Yiguang},
  month = jan,
  year = {2013},
  keywords = {_tablet_modified},
  pages = {821--829},
  file = {Diévart-et-al-2013-34-1-821-829.pdf:/home/bryan/.zotero/zotero/435ms2xg.default/zotero/storage/GIHSQI89/Diévart-et-al-2013-34-1-821-829.pdf:application/pdf}
}

@article{Sarathy2007,
  title = {A Comparison of Saturated and Unsaturated {{C4}} Fatty Acid Methyl Esters in an Opposed Flow Diffusion Flame and a Jet Stirred Reactor},
  volume = {31},
  doi = {10.1016/j.proci.2006.07.019},
  timestamp = {2015-07-07T14:42:50Z},
  number = {1},
  journal = {Proceedings of the Combustion Institute},
  author = {Sarathy, S. Mani and Ga{\"\i}l, Sandro and Syed, S.a. and Thomson, M.J. and Dagaut, Philippe},
  month = jan,
  year = {2007},
  keywords = {_tablet_modified,biodiesel,jet stirred reactor,methyl butanoate,methyl crotonate,opposed flow diffusion flame},
  pages = {1015--1022},
  file = {Sarathy-et-al-2007-31-1-1015-1022.pdf:/home/bryan/.zotero/zotero/435ms2xg.default/zotero/storage/KP7BE7FR/Sarathy-et-al-2007-31-1-1015-1022.pdf:application/pdf},
  groups = {Biodiesel,Biodiesel,Methyl Valerate}
}

@article{Mittal2006,
  title = {Aerodynamics inside a Rapid Compression Machine},
  volume = {145},
  doi = {10.1016/j.combustflame.2005.10.019},
  timestamp = {2015-01-06T14:59:09Z},
  number = {1-2},
  journal = {Combustion and Flame},
  author = {Mittal, Gaurav and Sung, Chih-Jen},
  month = apr,
  year = {2006},
  keywords = {adiabatic core hypothesis,computational fluid dynamics,plif of acetone,rapid compression machine},
  pages = {160--180},
  file = {Mittal-et-al-2006-145-1-2-160-180.pdf:/home/bryan/.zotero/zotero/435ms2xg.default/zotero/storage/R3A8DQBU/Mittal-et-al-2006-145-1-2-160-180.pdf:application/pdf}
}

@article{Farooq2009,
  title = {An Experimental and Computational Study of Methyl Ester Decomposition Pathways Using Shock Tubes},
  volume = {32},
  doi = {10.1016/j.proci.2008.06.084},
  timestamp = {2015-07-06T12:03:44Z},
  number = {1},
  journal = {Proceedings of the Combustion Institute},
  author = {Farooq, Aamir and Davidson, David Frank and Hanson, Ronald Kenneth and Huynh, Lam K. and Violi, Angela},
  year = {2009},
  note = {11},
  keywords = {_tablet_modified,ch 3 oco decomposition,laser absorption,methyl butanonate,methyl ester,shock tube},
  pages = {247--253},
  file = {Farooq-et-al-2009-32-1-247-253.pdf:/home/bryan/.zotero/zotero/435ms2xg.default/zotero/storage/65JRRTI9/Farooq-et-al-2009-32-1-247-253.pdf:application/pdf},
  groups = {Biodiesel,Biodiesel,Methyl Valerate}
}

@article{Korobeinichev2015,
  title = {An {{Experimental}} and {{Kinetic Modeling Study}} of {{Premixed Laminar Flames}} of {{Methyl Pentanoate}} and {{Methyl Hexanoate}}},
  volume = {229},
  issn = {0942-9352, 2196-7156},
  doi = {10.1515/zpch-2014-0596},
  timestamp = {2015-07-16T15:09:35Z},
  number = {5},
  urldate = {2015-07-06},
  journal = {Zeitschrift f{\"u}r Physikalische Chemie},
  author = {Korobeinichev, Oleg P. and Gerasimov, Ilya E. and Knyazkov, Denis A. and Shmakov, Andrey G. and Bolshova, Tatyana A. and Hansen, Nils and Westbrook, Charles K. and Dayma, Guillaume and Yang, Bin},
  month = jan,
  year = {2015},
  keywords = {_tablet_modified},
  file = {Korobeinichev-et-al-2015-229-5.pdf:/home/bryan/.zotero/zotero/435ms2xg.default/zotero/storage/SV996CTG/Korobeinichev-et-al-2015-229-5.pdf:application/pdf;Korobeinichev-et-al-2015-229-5.pdf:/home/bryan/.zotero/zotero/435ms2xg.default/zotero/storage/VC92Z8XU/Korobeinichev-et-al-2015-229-5.pdf:application/pdf}
}

@article{Walton2009,
  title = {An Experimental Investigation of Structural Effects on the Auto-Ignition Properties of Two {{C5}} Esters},
  volume = {32},
  doi = {10.1016/j.proci.2008.06.208},
  timestamp = {2015-07-07T14:42:53Z},
  number = {1},
  journal = {Proceedings of the Combustion Institute},
  author = {Walton, Stephen Michael and Wooldridge, Margaret S. and Westbrook, Charles K.},
  year = {2009},
  keywords = {_tablet_modified,Biofuel,chemical reaction mechanism,ester,ignition,rapid compression facility},
  pages = {255--262},
  file = {Walton-et-al-2009-32-1-255-262.pdf:/home/bryan/.zotero/zotero/435ms2xg.default/zotero/storage/UZPUDDVF/Walton-et-al-2009-32-1-255-262.pdf:application/pdf}
}

@article{Mittal2007a,
  title = {A {{Rapid Compression Machine}} for {{Chemical Kinetics Studies}} at {{Elevated Pressures}} and {{Temperatures}}},
  volume = {179},
  doi = {10.1080/00102200600671898},
  timestamp = {2015-08-11T12:13:02Z},
  number = {3},
  journal = {Combustion Science and Technology},
  author = {Mittal, Gaurav and Sung, Chih-Jen},
  year = {2007},
  pages = {497--530},
  file = {Mittal-et-al-2007-179-3-497-530.pdf:/home/bryan/.zotero/zotero/435ms2xg.default/zotero/storage/I8XAEP2U/Mittal-et-al-2007-179-3-497-530.pdf:application/pdf},
  groups = {UConnRCMPy,methyl-valerate,dme-meoh,UConnRCMPy,methyl-valerate,dme-meoh,2016 CT SGC,SciPy-2016,2016 CT SGC,SciPy-2016,Group,Methyl Valerate,RCM Studies,Research Statement,Sampling Project}
}

@article{Wang2012a,
  title = {A Shock Tube Study of Methyl Decanoate Autoignition at Elevated Pressures},
  volume = {159},
  doi = {10.1016/j.combustflame.2011.07.019},
  timestamp = {2014-12-29T20:37:36Z},
  number = {2},
  journal = {Combustion and Flame},
  author = {Wang, Weijing and Oehlschlaeger, Matthew A.},
  month = feb,
  year = {2012},
  pages = {476--481},
  file = {Wang-et-al-2012-159-2-476-481.pdf:/home/bryan/.zotero/zotero/435ms2xg.default/zotero/storage/G2GRJ24V/Wang-et-al-2012-159-2-476-481.pdf:application/pdf},
  groups = {Biodiesel,Biodiesel,Methyl Valerate}
}

@article{Hadj-Ali2009,
  title = {A Study of the Low Temperature Autoignition of Methyl Esters},
  volume = {32},
  doi = {10.1016/j.proci.2008.09.002},
  timestamp = {2015-07-06T12:05:21Z},
  number = {1},
  journal = {Proceedings of the Combustion Institute},
  author = {Hadj-Ali, K. and Crochet, M. and Vanhove, G. and Ribaucour, Marc and Minetti, Rodolphe},
  year = {2009},
  note = {23},
  keywords = {_tablet_modified,fame,fatty acid methyl esters,low temperature autoignition,methyl esters,oxidation},
  pages = {239--246},
  file = {Hadj-Ali-et-al-2009-32-1-239-246.pdf:/home/bryan/.zotero/zotero/435ms2xg.default/zotero/storage/F3FRKARD/Hadj-Ali-et-al-2009-32-1-239-246.pdf:application/pdf},
  groups = {methyl-valerate,methyl-valerate,Biodiesel,Biodiesel,Methyl Valerate,RCM Studies,Sampling Project}
}

@article{Dooley2008,
  title = {Autoignition Measurements and a Validated Kinetic Model for the Biodiesel Surrogate, Methyl Butanoate},
  volume = {153},
  doi = {10.1016/j.combustflame.2008.01.005},
  timestamp = {2015-07-06T12:04:33Z},
  number = {1-2},
  journal = {Combustion and Flame},
  author = {Dooley, Stephen and Curran, Henry J. and Simmie, John M.},
  month = apr,
  year = {2008},
  note = {16},
  keywords = {_tablet_modified,biodiesel,Biofuel,combustion,methyl butanoate,methyl ester,modeling,oxidation,rcm,shock tube},
  pages = {2--32},
  file = {Dooley-et-al-2008-153-1-2-2-32.pdf:/home/bryan/.zotero/zotero/435ms2xg.default/zotero/storage/PDW2RXVM/Dooley-et-al-2008-153-1-2-2-32.pdf:application/pdf}
}

@article{Kumar2016,
  title = {Autoignition of Methyl Butanoate under Engine Relevant Conditions},
  volume = {171},
  issn = {00102180},
  doi = {10.1016/j.combustflame.2016.04.011},
  language = {en},
  timestamp = {2016-06-17T14:31:28Z},
  urldate = {2016-06-17},
  journal = {Combustion and Flame},
  author = {Kumar, Kamal and Sung, Chih-Jen},
  month = sep,
  year = {2016},
  pages = {1--14},
  file = {Kumar-et-al-2016-171-1-14.pdf:/home/bryan/.zotero/zotero/435ms2xg.default/zotero/storage/JIHE2U3J/Kumar-et-al-2016-171-1-14.pdf:application/pdf},
  groups = {methyl-valerate,methyl-valerate,Group,Methyl Valerate}
}

@phdthesis{Bunnell2015,
  address = {Storrs, CT},
  type = {Masters},
  title = {Autoignition of {{Methyl Pentanoate}} at {{Low}} to {{Intermediate Temperatures}} and {{Elevated Pressures}} in a {{Rapid Compression Machine}}},
  timestamp = {2016-06-16T22:21:41Z},
  school = {University of Connecticut},
  author = {Bunnell, Justin},
  month = jun,
  year = {2015},
  file = {Bunnell-2015.pdf:/home/bryan/.zotero/zotero/435ms2xg.default/zotero/storage/2USK6F5F/Bunnell-2015.pdf:application/pdf},
  groups = {Group,Methyl Valerate}
}

@article{Gail2007,
  title = {A Wide-Ranging Kinetic Modeling Study of Methyl Butanoate Combustion},
  volume = {31},
  doi = {10.1016/j.proci.2006.08.051},
  timestamp = {2015-07-06T12:04:41Z},
  number = {1},
  journal = {Proceedings of the Combustion Institute},
  author = {Ga{\"\i}l, Sandro and Thomson, M.J. and Sarathy, S. Mani and Syed, S.a. and Dagaut, Philippe and Di{\'e}vart, Pascal and Marchese, Anthony J. and Dryer, Frederick L.},
  month = jan,
  year = {2007},
  note = {17},
  keywords = {_tablet_modified,biodiesel,chemical kinetics,methyl butanoate,modeling,oxidation},
  pages = {305--311},
  file = {Gaïl-et-al-2007-31-1-305-311.pdf:/home/bryan/.zotero/zotero/435ms2xg.default/zotero/storage/KJ8DM9UQ/Gaïl-et-al-2007-31-1-305-311.pdf:application/pdf},
  groups = {Biodiesel,Biodiesel,Methyl Valerate}
}

@article{Lai2011,
  title = {Biodiesel Combustion: {{Advances}} in Chemical Kinetic Modeling},
  volume = {37},
  doi = {10.1016/j.pecs.2010.03.001},
  timestamp = {2015-07-16T15:09:49Z},
  number = {1},
  journal = {Progress in Energy and Combustion Science},
  author = {Lai, Jason Y.W. and Lin, Kuang C. and Violi, Angela},
  month = feb,
  year = {2011},
  keywords = {_tablet_modified},
  pages = {1--14},
  file = {Lai-et-al-2011-37-1-1-14.pdf:/home/bryan/.zotero/zotero/435ms2xg.default/zotero/storage/S8IX9KTW/Lai-et-al-2011-37-1-1-14.pdf:application/pdf;Lai-et-al-2011-37-1-1-14.pdf:/home/bryan/.zotero/zotero/435ms2xg.default/zotero/storage/VVZCQ7GV/Lai-et-al-2011-37-1-1-14.pdf:application/pdf}
}

@article{Coniglio2013,
  title = {Combustion Chemical Kinetics of Biodiesel and Related Compounds (Methyl and Ethyl Esters): {{Experiments}} and Modeling \textendash{} {{Advances}} and Future Refinements},
  volume = {39},
  issn = {03601285},
  shorttitle = {Combustion Chemical Kinetics of Biodiesel and Related Compounds (Methyl and Ethyl Esters)},
  doi = {10.1016/j.pecs.2013.03.002},
  language = {en},
  timestamp = {2015-07-07T14:54:35Z},
  number = {4},
  urldate = {2015-07-06},
  journal = {Progress in Energy and Combustion Science},
  author = {Coniglio, L. and Bennadji, H. and Glaude, P.A. and Herbinet, O. and Billaud, F.},
  month = aug,
  year = {2013},
  keywords = {_tablet_modified},
  pages = {340--382},
  file = {Coniglio-et-al-2013-39-4-340-382.pdf:/home/bryan/.zotero/zotero/435ms2xg.default/zotero/storage/HEW2AFJE/Coniglio-et-al-2013-39-4-340-382.pdf:application/pdf},
  groups = {methyl-valerate,methyl-valerate,Methyl Valerate}
}

@article{Graboski1998,
  title = {Combustion of Fat and Vegetable Oil Derived Fuels in Diesel Engines},
  volume = {24},
  issn = {03601285},
  doi = {10.1016/S0360-1285(97)00034-8},
  language = {en},
  timestamp = {2015-07-07T14:54:30Z},
  number = {2},
  urldate = {2015-07-06},
  journal = {Progress in Energy and Combustion Science},
  author = {Graboski, Michael S. and McCormick, Robert L.},
  month = jan,
  year = {1998},
  keywords = {_tablet_modified},
  pages = {125--164},
  file = {Graboski-McCormick-1998-24-2-125-164.pdf:/home/bryan/.zotero/zotero/435ms2xg.default/zotero/storage/GKIBT866/Graboski-McCormick-1998-24-2-125-164.pdf:application/pdf}
}

@article{Akih-Kumgeh2010,
  title = {Comparative {{Study}} of {{Methyl Butanoate}} and n -{{Heptane High Temperature Autoignition}}},
  volume = {24},
  doi = {10.1021/ef901489k},
  timestamp = {2014-12-29T20:30:23Z},
  number = {4},
  journal = {Energy \& Fuels},
  author = {Akih-Kumgeh, Benjamin and Bergthorson, Jeffrey M.},
  month = apr,
  year = {2010},
  pages = {2439--2448},
  file = {Akih-Kumgeh-et-al-2010-24-4-2439-2448.pdf:/home/bryan/.zotero/zotero/435ms2xg.default/zotero/storage/TEXE7XPF/Akih-Kumgeh-et-al-2010-24-4-2439-2448.pdf:application/pdf}
}

@article{Fisher2000,
  title = {Detailed Chemical Kinetic Mechanisms for Combustion of Oxygenated Fuels},
  volume = {28},
  doi = {10.1016/S0082-0784(00)80555-X},
  timestamp = {2015-07-06T12:03:34Z},
  number = {2},
  journal = {Proceedings of the Combustion Institute},
  author = {Fisher, E.M. and Pitz, William J. and Curran, Henry J. and Westbrook, Charles K.},
  year = {2000},
  note = {10},
  keywords = {_tablet_modified},
  pages = {1579--1586},
  file = {Fisher-et-al-2000-28-2-1579-1586.pdf:/home/bryan/.zotero/zotero/435ms2xg.default/zotero/storage/EVQFEDP9/Fisher-et-al-2000-28-2-1579-1586.pdf:application/pdf},
  groups = {methyl-valerate,methyl-valerate,Alcohols,Biodiesel,Alcohols,Biodiesel,General References,Methyl Valerate}
}

@article{Dayma2009,
  title = {Detailed {{Kinetic Mechanism}} for the {{Oxidation}} of {{Vegetable Oil Methyl Esters}}: {{New Evidence}} from {{Methyl Heptanoate}}},
  volume = {23},
  doi = {10.1021/ef900184y},
  timestamp = {2015-07-06T12:05:01Z},
  number = {9},
  journal = {Energy \& Fuels},
  author = {Dayma, Guillaume and Togb{\'e}, Casimir and Dagaut, Philippe},
  month = sep,
  year = {2009},
  note = {20},
  keywords = {_tablet_modified},
  pages = {4254--4268},
  file = {Dayma-et-al-2009-23-9-4254-4268.pdf:/home/bryan/.zotero/zotero/435ms2xg.default/zotero/storage/4ZXAETAI/Dayma-et-al-2009-23-9-4254-4268.pdf:application/pdf},
  groups = {Biodiesel,Biodiesel,Methyl Valerate}
}

@inproceedings{Mueller2003,
  title = {Effects of {{Oxygenates}} on {{Soot Processes}} in {{DI Diesel Engines}}: {{Experiments}} and {{Numerical Simulations}}},
  shorttitle = {Effects of {{Oxygenates}} on {{Soot Processes}} in {{DI Diesel Engines}}},
  doi = {10.4271/2003-01-1791},
  timestamp = {2015-08-04T14:07:56Z},
  urldate = {2015-08-04},
  author = {Mueller, Charles J. and Pitz, William J. and Pickett, Lyle M. and Martin, Glen C. and Siebers, Dennis L. and Westbrook, Charles K.},
  month = may,
  year = {2003},
  keywords = {_tablet_modified},
  file = {Mueller-et-al-2003.pdf:/home/bryan/.zotero/zotero/435ms2xg.default/zotero/storage/IAQHTH8Z/Mueller-et-al-2003.pdf:application/pdf},
  groups = {DME Project,Propane Project,DME Project,Propane Project,Methyl Valerate}
}

@article{Gail2008,
  title = {Experimental and Chemical Kinetic Modeling Study of Small Methyl Esters Oxidation: {{Methyl}} ({{E}})-2-Butenoate and Methyl Butanoate},
  volume = {155},
  doi = {10.1016/j.combustflame.2008.04.007},
  timestamp = {2015-07-06T12:04:07Z},
  number = {4},
  journal = {Combustion and Flame},
  author = {Ga{\"\i}l, Sandro and Sarathy, S. Mani and Thomson, M.J. and Di{\'e}vart, Pascal and Dagaut, Philippe},
  month = dec,
  year = {2008},
  note = {13},
  keywords = {_tablet_modified,biodiesel,counterflow flame,jsr,methyl butanoate,reaction mechanism,trans-2-methylbutenoate},
  pages = {635--650},
  file = {Gaïl-et-al-2008-155-4-635-650.pdf:/home/bryan/.zotero/zotero/435ms2xg.default/zotero/storage/PS3H425T/Gaïl-et-al-2008-155-4-635-650.pdf:application/pdf}
}

@article{Dayma2008,
  title = {Experimental and {{Kinetic Modeling Study}} of the {{Oxidation}} of {{Methyl Hexanoate}}},
  volume = {22},
  doi = {10.1021/ef700695j},
  timestamp = {2015-07-06T12:04:53Z},
  number = {3},
  journal = {Energy \& Fuels},
  author = {Dayma, Guillaume and Ga{\"\i}l, Sandro and Dagaut, Philippe},
  month = may,
  year = {2008},
  note = {19},
  keywords = {_tablet_modified},
  pages = {1469--1479},
  file = {Dayma-et-al-2008-22-3-1469-1479.pdf:/home/bryan/.zotero/zotero/435ms2xg.default/zotero/storage/KU5MZMPK/Dayma-et-al-2008-22-3-1469-1479.pdf:application/pdf},
  groups = {Biodiesel,Biodiesel,Methyl Valerate}
}

@article{Zhang2014,
  title = {Experimental and Kinetic Modeling Study of Trans-Methyl-3-Hexenoate Oxidation in {{JSR}} and the Role of {{CC}} Double Bond},
  volume = {161},
  issn = {00102180},
  doi = {10.1016/j.combustflame.2013.10.022},
  language = {en},
  timestamp = {2015-07-07T14:54:33Z},
  number = {3},
  urldate = {2015-07-06},
  journal = {Combustion and Flame},
  author = {Zhang, Kuiwen and Togb{\'e}, Casimir and Dayma, Guillaume and Dagaut, Philippe},
  month = mar,
  year = {2014},
  keywords = {_tablet_modified},
  pages = {818--825},
  file = {Zhang-et-al-2014-161-3-818-825.pdf:/home/bryan/.zotero/zotero/435ms2xg.default/zotero/storage/XHWWRFAC/Zhang-et-al-2014-161-3-818-825.pdf:application/pdf}
}

@article{Metcalfe2007,
  title = {Experimental and Modeling Study of {{C5H10O2}} Ethyl and Methyl Esters.},
  volume = {111},
  doi = {10.1021/jp067582c},
  abstract = {Due to the world's over-reliance on fossil fuels there has been a developing interest in the production of renewable biofuels such as methyl and ethyl esters derived from vegetable oils and animal fats. To increase our understanding of the combustion chemistry of esters, the oxidation of methyl butanoate and ethyl propanoate, both with a molecular formula of C5H10O2, have been studied in a series of high-temperature shock tube experiments. Ignition delay times for a series of mixtures, of varying fuel/oxygen equivalence ratios (phi = 0.25-1.5), were measured behind reflected shock waves over the temperature range 1100-1670 K, and at pressures of 1.0, and 4.0 atm. It was found that ethyl propanoate was consistently faster to ignite than methyl butanoate, particularly at lower temperatures. Detailed chemical kinetic mechanisms have been assembled and used to simulate these experiments with good agreement observed. Rate of production analyses using the detailed mechanisms shows that the faster reactivity of ethyl propanoate can be explained by a six-centered unimolecular decomposition reaction with a relatively low activation energy barrier producing propanoic acid and ethylene. The elimination reaction itself is not responsible for the increased reactivity; it is the faster reactivity of the two products, propanoic acid and ethylene that leads to this behavior.},
  timestamp = {2015-07-07T14:42:44Z},
  number = {19},
  journal = {The Journal of Physical Chemistry A},
  author = {Metcalfe, Wayne K. and Dooley, Stephen and Curran, Henry J. and Simmie, John M. and El-Nahas, Ahmed M. and Navarro, Maria V},
  month = may,
  year = {2007},
  keywords = {_tablet_modified},
  pages = {4001--4014},
  file = {Metcalfe-et-al-2007-111-19-4001-4014.pdf:/home/bryan/.zotero/zotero/435ms2xg.default/zotero/storage/2NUVR2TH/Metcalfe-et-al-2007-111-19-4001-4014.pdf:application/pdf},
  groups = {methyl-valerate,methyl-valerate,Biodiesel,Biodiesel,Methyl Valerate}
}

@article{Zhang2010a,
  title = {Experimental Study of the Autoignition of {{C8H16O2}} Ethyl and Methyl Esters in a Motored Engine},
  volume = {157},
  issn = {00102180},
  doi = {10.1016/j.combustflame.2009.09.003},
  language = {en},
  timestamp = {2015-07-07T14:54:34Z},
  number = {3},
  urldate = {2015-07-06},
  journal = {Combustion and Flame},
  author = {Zhang, Yu and Boehman, Andr{\'e} L.},
  month = mar,
  year = {2010},
  keywords = {_tablet_modified},
  pages = {546--555},
  file = {Zhang-Boehman-2010-157-3-546-555.pdf:/home/bryan/.zotero/zotero/435ms2xg.default/zotero/storage/CZS9VPJP/Zhang-Boehman-2010-157-3-546-555.pdf:application/pdf},
  groups = {Methyl Valerate}
}

@article{Hayes2009,
  title = {Exploring the Oxidative Decompositions of Methyl Esters: {{Methyl}} Butanoate and Methyl Pentanoate as Model Compounds for Biodiesel},
  volume = {32},
  doi = {10.1016/j.proci.2008.05.075},
  timestamp = {2015-07-06T12:05:37Z},
  number = {1},
  journal = {Proceedings of the Combustion Institute},
  author = {Hayes, C. and Burgess, Donald R.},
  year = {2009},
  note = {26},
  keywords = {_tablet_modified,biodiesel,composite methods,dft,mechanism},
  pages = {263--270},
  file = {Hayes-Burgess-2009-32-1-263-270.pdf:/home/bryan/.zotero/zotero/435ms2xg.default/zotero/storage/TBZAZ94Q/Hayes-Burgess-2009-32-1-263-270.pdf:application/pdf}
}

@article{Rotavera2013,
  title = {Ignition Behavior of Pure and Blended Methyl Octanoate, n-Nonane, and Methylcyclohexane},
  volume = {34},
  doi = {10.1016/j.proci.2012.06.042},
  timestamp = {2014-12-29T20:39:33Z},
  number = {1},
  journal = {Proceedings of the Combustion Institute},
  author = {Rotavera, B. and Petersen, Eric L.},
  month = jan,
  year = {2013},
  keywords = {biofuel blend,methylcyclohexane,methyl octanoate,n-nonane,shock tube},
  pages = {435--442},
  file = {Rotavera-et-al-2013-34-1-435-442.pdf:/home/bryan/.zotero/zotero/435ms2xg.default/zotero/storage/8WXI696U/Rotavera-et-al-2013-34-1-435-442.pdf:application/pdf},
  groups = {MCH,MCH,Methyl Valerate}
}

@article{Haylett2011a,
  title = {Ignition Delay Times of Low-Vapor-Pressure Fuels Measured Using an Aerosol Shock Tube},
  volume = {159},
  doi = {10.1016/j.combustflame.2011.08.021},
  timestamp = {2014-12-29T20:32:53Z},
  number = {2},
  journal = {Combustion and Flame},
  author = {Haylett, Daniel R. and Davidson, David Frank and Hanson, Ronald Kenneth},
  month = sep,
  year = {2011},
  keywords = {ignition delay times},
  pages = {552--561},
  file = {Haylett-et-al-2011-159-2-552-561.pdf:/home/bryan/.zotero/zotero/435ms2xg.default/zotero/storage/3VADEGF8/Haylett-et-al-2011-159-2-552-561.pdf:application/pdf},
  groups = {Biodiesel,Biodiesel,Methyl Valerate}
}

@article{Lv2013,
  title = {Improving the Low Temperature Flow Properties of Palm Oil Biodiesel: {{Addition}} of Cold Flow Improver},
  volume = {110},
  issn = {03783820},
  shorttitle = {Improving the Low Temperature Flow Properties of Palm Oil Biodiesel},
  doi = {10.1016/j.fuproc.2012.12.014},
  language = {en},
  timestamp = {2015-07-07T14:54:37Z},
  urldate = {2015-07-06},
  journal = {Fuel Processing Technology},
  author = {Lv, Pengmei and Cheng, Yufeng and Yang, Lingmei and Yuan, Zhenhong and Li, Huiwen and Luo, Wen},
  month = jun,
  year = {2013},
  keywords = {_tablet_modified},
  pages = {61--64},
  file = {Lv-et-al-2013-110-61-64.pdf:/home/bryan/.zotero/zotero/435ms2xg.default/zotero/storage/4VJAESP2/Lv-et-al-2013-110-61-64.pdf:application/pdf},
  groups = {Methyl Valerate}
}

@article{Ortega2003,
  title = {Isobaric {{Vapor}}-{{Liquid Equilibria}} and {{Excess Properties}} for the {{Binary Systems}} of {{Methyl Esters}} + {{Heptane}}},
  volume = {48},
  issn = {0021-9568, 1520-5134},
  doi = {10.1021/je030117d},
  language = {en},
  timestamp = {2015-07-27T20:07:19Z},
  number = {5},
  urldate = {2015-07-27},
  journal = {Journal of Chemical \& Engineering Data},
  author = {Ortega, Juan and Espiau, Fernando and Tojo, Jos{\'e} and Canosa, Jos{\'e} and Rodr{\'\i}guez, Ana},
  month = sep,
  year = {2003},
  keywords = {_tablet_modified},
  pages = {1183--1190},
  file = {Ortega-et-al-2003-48-5-1183-1190.pdf:/home/bryan/.zotero/zotero/435ms2xg.default/zotero/storage/9NR7SI7I/Ortega-et-al-2003-48-5-1183-1190.pdf:application/pdf},
  groups = {methyl-valerate,methyl-valerate,Methyl Valerate,Vapor Pressure,Vapor Pressure}
}

@article{vanGenderen2002,
  title = {Liquid\textendash{}vapour Equilibria of the Methyl Esters of Alkanoic Acids: Vapour Pressures as a Function of Temperature and Standard Thermodynamic Function Changes},
  volume = {202},
  issn = {03783812},
  shorttitle = {Liquid\textendash{}vapour Equilibria of the Methyl Esters of Alkanoic Acids},
  doi = {10.1016/S0378-3812(02)00097-3},
  language = {en},
  timestamp = {2015-07-27T20:07:17Z},
  number = {1},
  urldate = {2015-07-27},
  journal = {Fluid Phase Equilibria},
  author = {{van Genderen}, Aad C.G. and {van Miltenburg}, J.Cees and Blok, Jacobus G. and {van Bommel}, Mark J. and {van Ekeren}, Paul J. and {van den Berg}, Gerrit J.K. and Oonk, Harry A.J.},
  month = oct,
  year = {2002},
  keywords = {_tablet_modified},
  pages = {109--120},
  file = {van Genderen-et-al-2002-202-1-109-120.pdf:/home/bryan/.zotero/zotero/435ms2xg.default/zotero/storage/ND4R6TW3/van Genderen-et-al-2002-202-1-109-120.pdf:application/pdf}
}

@article{Le2015,
  title = {Mechanism and {{Kinetics}} of {{Low}}-{{Temperature Oxidation}} of a {{Biodiesel Surrogate}}: {{Methyl Propanoate Radicals}} with {{Oxygen Molecule}}},
  volume = {119},
  issn = {1089-5639, 1520-5215},
  shorttitle = {Mechanism and {{Kinetics}} of {{Low}}-{{Temperature Oxidation}} of a {{Biodiesel Surrogate}}},
  doi = {10.1021/jp5128282},
  language = {en},
  timestamp = {2015-09-19T12:26:56Z},
  number = {16},
  urldate = {2015-09-19},
  journal = {The Journal of Physical Chemistry A},
  author = {Le, Xuan T. and Mai, Tam V. T. and Ratkiewicz, Artur and Huynh, Lam K.},
  month = apr,
  year = {2015},
  keywords = {_tablet_modified},
  pages = {3689--3703},
  file = {Le-et-al-2015-119-16-3689-3703.pdf:/home/bryan/.zotero/zotero/435ms2xg.default/zotero/storage/BJTKPTMC/Le-et-al-2015-119-16-3689-3703.pdf:application/pdf},
  groups = {Methyl Valerate}
}

@article{Kinney2005,
  title = {Modifying Soybean Oil for Enhanced Performance in Biodiesel Blends},
  volume = {86},
  issn = {03783820},
  doi = {10.1016/j.fuproc.2004.11.008},
  language = {en},
  timestamp = {2015-07-07T14:54:38Z},
  number = {10},
  urldate = {2015-07-06},
  journal = {Fuel Processing Technology},
  author = {Kinney, A.J. and Clemente, T.E.},
  month = jun,
  year = {2005},
  keywords = {_tablet_modified},
  pages = {1137--1147},
  file = {Kinney-Clemente-2005-86-10-1137-1147.pdf:/home/bryan/.zotero/zotero/435ms2xg.default/zotero/storage/RAWBEWFH/Kinney-Clemente-2005-86-10-1137-1147.pdf:application/pdf}
}

@article{Weber2015,
  title = {On the Uncertainty of Temperature Estimation in a Rapid Compression Machine},
  volume = {162},
  doi = {10.1016/j.combustflame.2015.03.001},
  timestamp = {2015-05-06T09:53:34Z},
  number = {6},
  journal = {Combustion and Flame},
  author = {Weber, Bryan William and Sung, Chih-Jen and Renfro, Michael W.},
  month = jun,
  year = {2015},
  pages = {2518--2528},
  file = {Weber-et-al-2015-162-6-2518-2528.pdf:/home/bryan/.zotero/zotero/435ms2xg.default/zotero/storage/9JFIB7P2/Weber-et-al-2015-162-6-2518-2528.pdf:application/pdf},
  groups = {methyl-valerate,methyl-valerate,Tetralin,Tetralin,Group,Methyl Valerate,My Publications,RCM Studies,Research Statement}
}

@article{Hakka2010,
  title = {Oxidation of Methyl and Ethyl Butanoates},
  volume = {42},
  doi = {10.1002/kin.20473},
  timestamp = {2016-06-16T22:21:45Z},
  number = {4},
  journal = {International Journal of Chemical Kinetics},
  author = {Hakka, Mohammed Hichem and Bennadji, Hayet and Biet, Joffrey and Yahyaoui, Mohammed and Sirjean, Baptiste and Warth, Val{\'e}rie and Coniglio, Lucie and Herbinet, Olivier and Glaude, Pierre-Alexandre and Billaud, F and Battin-Leclerc, Fr{\'e}d{\'e}rique},
  month = apr,
  year = {2010},
  pages = {226--252},
  file = {Hakka-et-al-2010-42-4-226-252.pdf:/home/bryan/.zotero/zotero/435ms2xg.default/zotero/storage/2WKVANHW/Hakka-et-al-2010-42-4-226-252.pdf:application/pdf;Hakka-et-al-2010-42-4-226-252.pdf:/home/bryan/.zotero/zotero/435ms2xg.default/zotero/storage/2WQ9KPI3/Hakka-et-al-2010-42-4-226-252.pdf:application/pdf},
  groups = {Biodiesel,Biodiesel,Methyl Valerate}
}

@article{Tao2014,
  title = {Pathways, Kinetics and Thermochemistry of Methyl-Ester Peroxy Radical Decomposition in the Low-Temperature Oxidation of Methyl Butanoate: {{A}} Computational Study of a Biodiesel Fuel Surrogate},
  volume = {161},
  issn = {00102180},
  shorttitle = {Pathways, Kinetics and Thermochemistry of Methyl-Ester Peroxy Radical Decomposition in the Low-Temperature Oxidation of Methyl Butanoate},
  doi = {10.1016/j.combustflame.2014.02.012},
  language = {en},
  timestamp = {2015-09-19T12:36:10Z},
  number = {9},
  urldate = {2015-09-19},
  journal = {Combustion and Flame},
  author = {Tao, Hairong and Lin, Kuang C.},
  month = sep,
  year = {2014},
  keywords = {_tablet_modified},
  pages = {2270--2287},
  file = {Tao-Lin-2014-161-9-2270-2287.pdf:/home/bryan/.zotero/zotero/435ms2xg.default/zotero/storage/KCGKIRAT/Tao-Lin-2014-161-9-2270-2287.pdf:application/pdf},
  groups = {Methyl Valerate}
}

@article{Jiao2015,
  title = {Quantum {{Chemical Study}} of {{Autoignition}} of {{Methyl Butanoate}}},
  volume = {119},
  issn = {1089-5639, 1520-5215},
  doi = {10.1021/jp5122118},
  language = {en},
  timestamp = {2015-09-19T12:27:43Z},
  number = {28},
  urldate = {2015-09-19},
  journal = {The Journal of Physical Chemistry A},
  author = {Jiao, Yuge and Zhang, Feng and Dibble, Theodore S.},
  month = jul,
  year = {2015},
  keywords = {_tablet_modified},
  pages = {7282--7292},
  file = {Jiao-et-al-2015-119-28-7282-7292.pdf:/home/bryan/.zotero/zotero/435ms2xg.default/zotero/storage/JC44BG89/Jiao-et-al-2015-119-28-7282-7292.pdf:application/pdf},
  groups = {Methyl Valerate}
}

@article{Lee1998,
  title = {Rapid {{Compression Machines}}: {{Heat Transfer}} and {{Suppression}} of {{Corner Vortex}}},
  volume = {114},
  doi = {10.1016/S0010-2180(97)00327-1},
  timestamp = {2014-12-29T20:23:00Z},
  number = {3-4},
  journal = {Combustion and Flame},
  author = {Lee, Daeyup and Hochgreb, Simone},
  month = aug,
  year = {1998},
  pages = {531--545},
  file = {Lee-et-al-1998-114-3-4-531-545.pdf:/home/bryan/.zotero/zotero/435ms2xg.default/zotero/storage/H4K46WFD/Lee-et-al-1998-114-3-4-531-545.pdf:application/pdf},
  groups = {UConnRCMPy,methyl-valerate,dme-meoh,UConnRCMPy,methyl-valerate,dme-meoh,SciPy-2016,SciPy-2016,Methyl Valerate,RCM Studies}
}

@article{Hoekman2012a,
  title = {Review of Biodiesel Composition, Properties, and Specifications},
  volume = {16},
  issn = {13640321},
  doi = {10.1016/j.rser.2011.07.143},
  language = {en},
  timestamp = {2015-07-07T14:54:40Z},
  number = {1},
  urldate = {2015-07-06},
  journal = {Renewable and Sustainable Energy Reviews},
  author = {Hoekman, S. Kent and Broch, Amber and Robbins, Curtis and Ceniceros, Eric and Natarajan, Mani},
  month = jan,
  year = {2012},
  keywords = {_tablet_modified},
  pages = {143--169},
  file = {Hoekman-et-al-2012-16-1-143-169.pdf:/home/bryan/.zotero/zotero/435ms2xg.default/zotero/storage/2D9CGQS4/Hoekman-et-al-2012-16-1-143-169.pdf:application/pdf},
  groups = {Methyl Valerate}
}

@article{Hoekman2012,
  title = {Review of the Effects of Biodiesel on {{NOx}} Emissions},
  volume = {96},
  issn = {03783820},
  doi = {10.1016/j.fuproc.2011.12.036},
  language = {en},
  timestamp = {2015-07-07T14:54:39Z},
  urldate = {2015-07-06},
  journal = {Fuel Processing Technology},
  author = {Hoekman, S. Kent and Robbins, Curtis},
  month = apr,
  year = {2012},
  keywords = {_tablet_modified},
  pages = {237--249},
  file = {Hoekman-Robbins-2012-96-237-249.pdf:/home/bryan/.zotero/zotero/435ms2xg.default/zotero/storage/PF66BSJU/Hoekman-Robbins-2012-96-237-249.pdf:application/pdf}
}

@article{Bugler2015,
  title = {Revisiting the {{Kinetics}} and {{Thermodynamics}} of the {{Low}}-{{Temperature Oxidation Pathways}} of {{Alkanes}}: {{A Case Study}} of the {{Three Pentane Isomers}}},
  volume = {119},
  issn = {1089-5639, 1520-5215},
  shorttitle = {Revisiting the {{Kinetics}} and {{Thermodynamics}} of the {{Low}}-{{Temperature Oxidation Pathways}} of {{Alkanes}}},
  doi = {10.1021/acs.jpca.5b00837},
  language = {en},
  timestamp = {2016-06-30T16:50:26Z},
  number = {28},
  urldate = {2016-06-30},
  journal = {The Journal of Physical Chemistry A},
  author = {Bugler, John and Somers, Kieran P. and Silke, Emma J. and Curran, Henry J.},
  month = jul,
  year = {2015},
  pages = {7510--7527},
  file = {Bugler-et-al-2015-119-28-7510-7527.pdf:/home/bryan/.zotero/zotero/435ms2xg.default/zotero/storage/A94FMNP6/Bugler-et-al-2015-119-28-7510-7527.pdf:application/pdf},
  groups = {Methyl Valerate}
}

@article{Akih-Kumgeh2011,
  title = {Structure-Reactivity Trends of {{C1}}\textendash{}{{C4}} Alkanoic Acid Methyl Esters},
  volume = {158},
  doi = {10.1016/j.combustflame.2010.10.021},
  timestamp = {2014-12-29T20:31:49Z},
  number = {6},
  journal = {Combustion and Flame},
  author = {Akih-Kumgeh, Benjamin and Bergthorson, Jeffrey M.},
  month = jun,
  year = {2011},
  pages = {1037--1048},
  file = {Akih-Kumgeh-et-al-2011-158-6-1037-1048.pdf:/home/bryan/.zotero/zotero/435ms2xg.default/zotero/storage/5ND6I8FZ/Akih-Kumgeh-et-al-2011-158-6-1037-1048.pdf:application/pdf},
  groups = {methyl-valerate,methyl-valerate,Biodiesel,Biodiesel,Methyl Valerate}
}

@article{Dmitriev2015,
  title = {The Effect of Methyl Pentanoate Addition on the Structure of Premixed Fuel-Rich n-Heptane/Toluene Flame at Atmospheric Pressure},
  volume = {162},
  issn = {00102180},
  doi = {10.1016/j.combustflame.2014.12.015},
  language = {en},
  timestamp = {2015-07-07T14:54:32Z},
  number = {5},
  urldate = {2015-07-06},
  journal = {Combustion and Flame},
  author = {Dmitriev, Artem M. and Knyazkov, Denis A. and Bolshova, Tatyana A. and Shmakov, Andrey G. and Korobeinichev, Oleg P.},
  month = may,
  year = {2015},
  keywords = {_tablet_modified},
  pages = {1964--1975},
  file = {Dmitriev-et-al-2015-162-5-1964-1975.pdf:/home/bryan/.zotero/zotero/435ms2xg.default/zotero/storage/RJNF4IIQ/Dmitriev-et-al-2015-162-5-1964-1975.pdf:application/pdf}
}

@inproceedings{Mueller2005,
  title = {The {{Quantification}} of {{Mixture Stoichiometry When Fuel Molecules Contain Oxidizer Elements}} or {{Oxidizer Molecules Contain Fuel Elements}}},
  doi = {10.4271/2005-01-3705},
  timestamp = {2015-08-04T14:08:09Z},
  urldate = {2015-08-04},
  author = {Mueller, Charles J.},
  month = oct,
  year = {2005},
  keywords = {_tablet_modified},
  file = {Mueller-2005.pdf:/home/bryan/.zotero/zotero/435ms2xg.default/zotero/storage/I6ZG8SGB/Mueller-2005.pdf:application/pdf},
  groups = {DME Project,Propane Project,DME Project,Propane Project,Methyl Valerate}
}

@article{Zhang2015,
  title = {Towards High-Level Theoretical Studies of Large Biodiesel Molecules: An {{ONIOM}} [{{QCISD}}({{T}})/{{CBS}}:{{DFT}}] Study of Hydrogen Abstraction Reactions of {{C}} {\textsubscript{n}} {{H}} {\textsubscript{2n+1}} {{COOC}} {\textsubscript{m}} {{H}} {\textsubscript{2m+1}} + {{H}}},
  volume = {17},
  issn = {1463-9076, 1463-9084},
  shorttitle = {Towards High-Level Theoretical Studies of Large Biodiesel Molecules},
  doi = {10.1039/C4CP03004D},
  language = {en},
  timestamp = {2015-09-19T12:35:11Z},
  number = {1},
  urldate = {2015-09-19},
  journal = {Phys. Chem. Chem. Phys.},
  author = {Zhang, Lidong and Zhang, Peng},
  year = {2015},
  keywords = {_tablet_modified},
  pages = {200--208},
  file = {Zhang-Zhang-2015-17-1-200-208.pdf:/home/bryan/.zotero/zotero/435ms2xg.default/zotero/storage/ZGIHNF22/Zhang-Zhang-2015-17-1-200-208.pdf:application/pdf}
}

@article{Verevkin2008,
  title = {Transpiration Method: {{Vapor}} Pressures and Enthalpies of Vaporization of Some Low-Boiling Esters},
  volume = {266},
  issn = {03783812},
  shorttitle = {Transpiration Method},
  doi = {10.1016/j.fluid.2008.02.001},
  language = {en},
  timestamp = {2015-07-27T20:07:18Z},
  number = {1-2},
  urldate = {2015-07-27},
  journal = {Fluid Phase Equilibria},
  author = {Verevkin, Sergey P. and Emel'yanenko, Vladimir N.},
  month = apr,
  year = {2008},
  keywords = {_tablet_modified},
  pages = {64--75},
  file = {Verevkin-Emel’yanenko-2008-266-1-2-64-75.pdf:/home/bryan/.zotero/zotero/435ms2xg.default/zotero/storage/RFPWQR8J/Verevkin-Emel’yanenko-2008-266-1-2-64-75.pdf:application/pdf}
}

@misc{uconnrcmpy,
  title = {{{UConnRCMPy}}},
  timestamp = {2017-02-07T16:14:51Z},
  author = {Weber, Bryan William and Fang, Ruozhou and Sung, Chih-Jen},
  month = feb,
  year = {2017},
  groups = {UConnRCMPy,methyl-valerate,dme-meoh,UConnRCMPy,methyl-valerate,dme-meoh,SciPy-2016,SciPy-2016,Methyl Valerate,My Publications},
  doi = {10.5281/zenodo.269678}
}

@article{Kudchadker2001,
  title = {{{Vapor}}-{{Liquid Critical Properties}} of {{Elements}} and {{Compounds}}. 7. {{Oxygen Compounds Other Than Alkanols}} and {{Cycloalkanols}}},
  volume = {46},
  issn = {0021-9568, 1520-5134},
  doi = {10.1021/je0001680},
  language = {en},
  timestamp = {2015-07-27T20:07:21Z},
  number = {3},
  urldate = {2015-07-27},
  journal = {Journal of Chemical \& Engineering Data},
  author = {Kudchadker, Arvind P. and Ambrose, Douglas and Tsonopoulos, Constantine},
  month = may,
  year = {2001},
  keywords = {_tablet_modified},
  pages = {457--479},
  file = {Kudchadker-et-al-2001-46-3-457-479.pdf:/home/bryan/.zotero/zotero/435ms2xg.default/zotero/storage/K7BSU2U6/Kudchadker-et-al-2001-46-3-457-479.pdf:application/pdf}
}

@article{Camacho2007,
  title = {{{Vapor}}-{{Liquid Equilibrium Data}} for the {{Binary Methyl Esters}} ({{Butyrate}}, {{Pentanoate}}, and {{Hexanoate}}) (1) + {{Propanenitrile}} (2) {{Systems}} at 93.32 {{kPa}}},
  volume = {52},
  issn = {0021-9568, 1520-5134},
  doi = {10.1021/je060469v},
  language = {en},
  timestamp = {2015-07-27T20:07:20Z},
  number = {3},
  urldate = {2015-07-27},
  journal = {Journal of Chemical \& Engineering Data},
  author = {Camacho, Alberto G. and Moll, Juan M. and Canzonieri, Salvador and Postigo, Miguel A.},
  month = may,
  year = {2007},
  keywords = {_tablet_modified},
  pages = {871--875},
  file = {Camacho-et-al-2007-52-3-871-875.pdf:/home/bryan/.zotero/zotero/435ms2xg.default/zotero/storage/V7ZP64IR/Camacho-et-al-2007-52-3-871-875.pdf:application/pdf}
}

@article{Nikitin2015,
  title = {Vapour\textendash{}liquid Critical Properties of Components of Biodiesel. 1. {{Methyl}} Esters of n-Alkanoic Acids},
  volume = {153},
  issn = {00162361},
  doi = {10.1016/j.fuel.2015.03.060},
  language = {en},
  timestamp = {2015-07-27T20:07:22Z},
  urldate = {2015-07-27},
  journal = {Fuel},
  author = {Nikitin, Eugene D. and Popov, Alexander P.},
  month = aug,
  year = {2015},
  keywords = {_tablet_modified},
  pages = {634--639},
  file = {Nikitin-Popov-2015-153-634-639.pdf:/home/bryan/.zotero/zotero/435ms2xg.default/zotero/storage/KPMK2MNU/Nikitin-Popov-2015-153-634-639.pdf:application/pdf},
  groups = {Methyl Valerate,Vapor Pressure,Vapor Pressure}
}

@misc{Rohatgi2016,
  address = {Austin, TX},
  title = {{{WebPlotDigitizer}}},
  timestamp = {2016-06-30T18:37:50Z},
  author = {Rohatgi, Ankit},
  month = may,
  year = {2016},
  groups = {Methyl Valerate}
}

@article{Allen2012,
  title = {Automatic Estimation of Pressure-Dependent Rate Coefficients.},
  volume = {14},
  issn = {1463-9076, 1463-9084},
  doi = {10.1039/c1cp22765c},
  abstract = {A general framework is presented for accurately and efficiently estimating the phenomenological pressure-dependent rate coefficients for reaction networks of arbitrary size and complexity using only high-pressure-limit information. Two aspects of this framework are discussed in detail. First, two methods of estimating the density of states of the species in the network are presented, including a new method based on characteristic functional group frequencies. Second, three methods of simplifying the full master equation model of the network to a single set of phenomenological rates are discussed, including a new method based on the reservoir state and pseudo-steady state approximations. Both sets of methods are evaluated in the context of the chemically-activated reaction of acetyl with oxygen. All three simplifications of the master equation are usually accurate, but each fails in certain situations, which are discussed. The new methods usually provide good accuracy at a computational cost appropriate for automated reaction mechanism generation.},
  language = {en},
  timestamp = {2015-07-17T21:19:39Z},
  number = {3},
  journal = {Physical Chemistry Chemical Physics},
  author = {Allen, Joshua W. and Goldsmith, C. Franklin and Green, William H.},
  month = jan,
  year = {2012},
  pages = {1131--1155},
  file = {Allen-et-al-2012-14-3-1131-1155.pdf:/home/bryan/.zotero/zotero/435ms2xg.default/zotero/storage/ZJJPIUHK/Allen-et-al-2012-14-3-1131-1155.pdf:application/pdf}
}

@book{Chapra2010,
  address = {Boston},
  edition = {6th ed},
  title = {Numerical Methods for Engineers},
  isbn = {978-0-07-340106-5 0-07-340106-4},
  lccn = {TA345 .C47 2010},
  timestamp = {2017-02-08T22:00:48Z},
  publisher = {{McGraw-Hill Higher Education}},
  author = {Chapra, Steven C. and Canale, Raymond P.},
  year = {2010},
  keywords = {Data processing,Engineering mathematics,Microcomputers,Numerical calculations,Programming},
  file = {Chapra-et-al-2010.pdf:/home/bryan/.zotero/zotero/435ms2xg.default/zotero/storage/MUEUJ9AU/Chapra-et-al-2010.pdf:application/pdf},
  groups = {methyl-valerate,dme-meoh,methyl-valerate,dme-meoh,SciPy-2016,SciPy-2016}
}

@article{Dames2016,
  title = {A Detailed Combined Experimental and Theoretical Study on Dimethyl Ether/Propane Blended Oxidation},
  volume = {168},
  issn = {00102180},
  doi = {10.1016/j.combustflame.2016.02.021},
  language = {en},
  timestamp = {2016-05-20T19:21:00Z},
  urldate = {2016-05-20},
  journal = {Combustion and Flame},
  author = {Dames, Enoch E. and Rosen, Andrew S. and Weber, Bryan W. and Gao, Connie W. and Sung, Chih-Jen and Green, William H.},
  month = jun,
  year = {2016},
  pages = {310--330},
  file = {Dames-et-al-2016.pdf:/home/bryan/.zotero/zotero/435ms2xg.default/zotero/storage/QFCP5T2H/Dames-et-al-2016.pdf:application/pdf}
}

@misc{cantera,
  title = {Cantera: {{An Object}}-Oriented {{Software Toolkit}} for {{Chemical Kinetics}}, {{Thermodynamics}}, and {{Transport Processes}}},
  timestamp = {2017-02-07T16:20:16Z},
  author = {Goodwin, David G. and Moffat, Harry K. and Speth, Raymond L.},
  year = {2017},
  groups = {UConnRCMPy,methyl-valerate,dme-meoh,UConnRCMPy,methyl-valerate,dme-meoh,Tetralin,SciPy-2016,Tetralin,SciPy-2016,Research Statement},
  doi = {10.5281/zenodo.170284}
}

@article{Hindmarsh2005,
  title = {{{SUNDIALS}}: {{Suite}} of Nonlinear and Differential/Algebraic Equation Solvers},
  volume = {31},
  issn = {00983500},
  shorttitle = {{{SUNDIALS}}},
  doi = {10.1145/1089014.1089020},
  language = {en},
  timestamp = {2015-08-10T17:28:46Z},
  number = {3},
  urldate = {2015-08-10},
  journal = {ACM Transactions on Mathematical Software},
  author = {Hindmarsh, Alan C. and Brown, Peter N. and Grant, Keith E. and Lee, Steven L. and Serban, Radu and Shumaker, Dan E. and Woodward, Carol S.},
  month = sep,
  year = {2005},
  pages = {363--396},
  file = {Hindmarsh-et-al-2005-31-3-363-396.pdf:/home/bryan/.zotero/zotero/435ms2xg.default/zotero/storage/P2VK6MQ4/Hindmarsh-et-al-2005-31-3-363-396.pdf:application/pdf}
}

@book{Jones2001,
  title = {{{SciPy}}: {{Open}} Source Scientific Tools for {{Python}}},
  abstract = {[Online; accessed 2016-05-19]
bibtex: Jones2001},
  timestamp = {2017-02-11T16:53:17Z},
  author = {Jones, Eric and Oliphant, Travis and Peterson, Pearu and {others}},
  year = {2001-},
  groups = {UConnRCMPy,methyl-valerate,UConnRCMPy,methyl-valerate,SciPy-2016,SciPy-2016}
}

@inproceedings{Weber2016a,
  title = {{{UConnRCMPy}}: {{Python}}-Based {{Data Analysis}} for {{Rapid Compression Machines}}},
  timestamp = {2016-09-06T13:58:49Z},
  booktitle = {Proceedings of the 15th {{Python}} in {{Science Conference}}},
  author = {Weber, Bryan William and Sung, Chih-Jen},
  editor = {Benthall, Sebastian and Rostrup, Scott},
  year = {2016},
  pages = {36--44},
  file = {Weber-et-al-2016-36-44.pdf:/home/bryan/.zotero/zotero/435ms2xg.default/zotero/storage/T7JBDMW8/Weber-et-al-2016-36-44.pdf:application/pdf}
}

@article{Hunter2007,
  title = {Matplotlib: {{A 2D Graphics Environment}}},
  volume = {9},
  issn = {1521-9615},
  shorttitle = {Matplotlib},
  doi = {10.1109/MCSE.2007.55},
  timestamp = {2016-05-24T18:12:28Z},
  number = {3},
  urldate = {2016-05-24},
  journal = {Computing in Science \& Engineering},
  author = {Hunter, John D.},
  year = {2007},
  pages = {90--95},
  file = {Hunter-2007-9-3-90-95.pdf:/home/bryan/.zotero/zotero/435ms2xg.default/zotero/storage/QN45IRFD/Hunter-2007-9-3-90-95.pdf:application/pdf}
}

@article{vanderWalt2011,
  title = {The {{NumPy Array}}: {{A Structure}} for {{Efficient Numerical Computation}}},
  volume = {13},
  issn = {1521-9615},
  shorttitle = {The {{NumPy Array}}},
  doi = {10.1109/MCSE.2011.37},
  timestamp = {2016-05-24T18:10:03Z},
  number = {2},
  urldate = {2016-05-24},
  journal = {Computing in Science \& Engineering},
  author = {{van der Walt}, St{\'e}fan and Colbert, S Chris and Varoquaux, Ga{\"e}l},
  month = mar,
  year = {2011},
  pages = {22--30},
  file = {van der Walt et al-2011-13-2-22-30.pdf:/home/bryan/.zotero/zotero/435ms2xg.default/zotero/storage/JCJUIZK3/van der Walt et al-2011-13-2-22-30.pdf:application/pdf}
}
